<marcxml:record xmlns:marcxml="http://www.loc.gov/MARC21/slim" xmlns:idx="info:lc/xq-modules/lcindex" xmlns:madsrdf="http://www.loc.gov/mads/rdf/v1#" xmlns:ri="http://id.loc.gov/ontologies/RecordInfo#" xmlns:xlink="http://www.w3.org/1999/xlink" xmlns:rdf="http://www.w3.org/1999/02/22-rdf-syntax-ns#" xmlns:mets="http://www.loc.gov/METS/" xmlns:semtriples="http://marklogic.com/semantic" xmlns:xsi="http://www.w3.org/2001/XMLSchema-instance" xmlns:streams="info:lc/streams#">
            <marcxml:leader>00402cz  a2200121n  4500</marcxml:leader>
            <marcxml:controlfield tag="001">sh2008005556</marcxml:controlfield>
            <marcxml:controlfield tag="003">DLC</marcxml:controlfield>
            <marcxml:controlfield tag="005">20080821082050.0</marcxml:controlfield>
            <marcxml:controlfield tag="008">080721n| bnannbbbn          |n ann      </marcxml:controlfield>
            <marcxml:datafield tag="010" ind1=" " ind2=" ">
              <marcxml:subfield code="a">sh2008005556</marcxml:subfield>
            </marcxml:datafield>
            <marcxml:datafield tag="040" ind1=" " ind2=" ">
              <marcxml:subfield code="a">DLC</marcxml:subfield>
              <marcxml:subfield code="b">eng</marcxml:subfield>
              <marcxml:subfield code="c">DLC</marcxml:subfield>
            </marcxml:datafield>
            <marcxml:datafield tag="150" ind1=" " ind2=" ">
              <marcxml:subfield code="a">Architecture</marcxml:subfield>
              <marcxml:subfield code="x">History</marcxml:subfield>
              <marcxml:subfield code="y">17th century</marcxml:subfield>
            </marcxml:datafield>
            <marcxml:datafield tag="260" ind1=" " ind2=" ">
              <marcxml:subfield code="i">headings of the type</marcxml:subfield>
              <marcxml:subfield code="a">Architecture--[place]--History--17th century,</marcxml:subfield>
              <marcxml:subfield code="i">e.g.</marcxml:subfield>
              <marcxml:subfield code="a">Architecture--United States--History--17th century</marcxml:subfield>
            </marcxml:datafield>
          </marcxml:record>
